@report{internship_report,
        author = {Wang, Yishu},
        title = {{PyTelTools}: workflow for water flow},
        journal = {Internal internship report},
        month = {August},
        year = {2017}
}

@article{equations,
        author = {Duron, Luc and Wang, Yishu},
        title = {Equations integrated in {PyTelTools}},
        month = {August},
        year = {2017},
        url = "https://github.com/CNR-Engineering/PyTelTools_media/raw/master/latex/equations.pdf"
}

@article{def_math,
        author = {Duron, Luc and Wang, Yishu},
        title = {Mathematical definitions for {PyTelTools}},
        month = {August},
        year = {2017},
        url = "https://github.com/CNR-Engineering/PyTelTools_media/raw/master/latex/mathematical_definitions.pdf"
}
